<record><leader>00000cas a22000007a 4500</leader><controlfield tag="001">17465467</controlfield><controlfield tag="008">880212c19269999pauwr ne      0    0eng d</controlfield><datafield ind1=" " ind2=" " tag="010"><subfield code="a">sn 88079082 </subfield></datafield><datafield ind1=" " ind2=" " tag="040"><subfield code="a">NPH</subfield><subfield code="b">eng</subfield><subfield code="c">NPH</subfield><subfield code="d">OCLCQ</subfield></datafield><datafield ind1=" " ind2=" " tag="042"><subfield code="a">msc</subfield></datafield><datafield ind1="0" ind2="0" tag="245"><subfield code="a">Bethlehem bulletin.</subfield></datafield><datafield ind1=" " ind2=" " tag="260"><subfield code="a">Bethlehem, Pa. :</subfield><subfield code="b">M. Janosov,</subfield><subfield code="c">1926-</subfield></datafield><datafield ind1=" " ind2=" " tag="300"><subfield code="a">v. :</subfield><subfield code="b">ill. ;</subfield><subfield code="c">41-60 cm.</subfield></datafield><datafield ind1=" " ind2=" " tag="310"><subfield code="a">Weekly</subfield></datafield><datafield ind1="0" ind2=" " tag="362"><subfield code="a">Vol. 1, no. 1 (Nov. 19, 1926)-</subfield></datafield><datafield ind1=" " ind2=" " tag="500"><subfield code="a">Publishers: M. Janosov, &lt;1926&gt;; Peerless Pub. Co., &lt;1933&gt;; Alexander Fetsko, &lt;1947&gt;; Bernard J. Fetsko, &lt;1985-&gt;.</subfield></datafield><datafield ind1=" " ind2=" " tag="500"><subfield code="a">Editors: Richard Ernest Fowler, &lt;1941&gt;; James B. Smithfield, &lt;1947&gt;.</subfield></datafield><datafield ind1=" " ind2=" " tag="752"><subfield code="a">United States</subfield><subfield code="b">Pennsylvania</subfield><subfield code="c">Northampton</subfield><subfield code="d">Bethlehem.</subfield></datafield><datafield ind1="0" ind2="5" tag="780"><subfield code="t">Hellertown tribune</subfield><subfield code="w">(DLC)sn 88079085</subfield></datafield><datafield ind1="0" ind2="5" tag="780"><subfield code="t">Fountain Hill news-telegram</subfield><subfield code="w">(DLC)sn 88079083</subfield></datafield><datafield ind1="1" ind2=" " tag="029"><subfield code="a">AU@</subfield><subfield code="b">000025787412</subfield></datafield></record>